
@misc{deepbig,
	author = {Dan Claudiu Ciresan, Ueli Meier, Luca Maria Gambardella, Juergen Schmidhuber},
	title = {Deep Big Simple Neural Nets Excel on Handwritten Digit Recognition},
	note = {\url{https://arxiv.org/abs/1003.0358}},
	year = 2010
}

@misc{keras,
	title = {Keras: Deep Learning library for Theano and TensorFlow},
	note = {\url{https://keras.io/}}
}

@article{tensorflow,
	title={Tensorflow: Large-scale machine learning on heterogeneous distributed systems},
	author={Abadi, Mart{\i}n and Agarwal, Ashish and Barham, Paul and Brevdo, Eugene and Chen, Zhifeng and Citro, Craig and Corrado, Greg S and Davis, Andy and Dean, Jeffrey and Devin, Matthieu and others},
	journal={arXiv preprint arXiv:1603.04467},
	year={2016}
}



@article{mukherjee2008diffusion,
	title={Diffusion tensor MR imaging and fiber tractography: theoretic underpinnings},
	author={Mukherjee, P and Berman, JI and Chung, SW and Hess, CP and Henry, RG},
	journal={American journal of neuroradiology},
	volume={29},
	number={4},
	pages={632--641},
	year={2008},
	publisher={Am Soc Neuroradiology}
}

@article{basser2000vivo,
	title={In vivo fiber tractography using DT-MRI data},
	author={Basser, Peter J and Pajevic, Sinisa and Pierpaoli, Carlo and Duda, Jeffrey and Aldroubi, Akram},
	journal={Magnetic resonance in medicine},
	volume={44},
	number={4},
	pages={625--632},
	year={2000},
	publisher={Wiley Online Library}
}

@misc{humanconnect,
	title = {The Human Connectome Database},
	note = {\url{http://www.humanconnectome.org/data/}}
}

@misc{humanconnectblog,
	title = {The Human Connectome Project},
	note = {\url{http://www.humanconnectome.org/about/project/tractography.html}}
}

@inproceedings{cook2006camino,
	title={Camino: open-source diffusion-MRI reconstruction and processing},
	author={Cook, PA and Bai, Y and Nedjati-Gilani, SKKS and Seunarine, KK and Hall, MG and Parker, GJ and Alexander, DC},
	booktitle={14th scientific meeting of the international society for magnetic resonance in medicine},
	volume={2759},
	year={2006},
	organization={Seattle WA, USA}
}

@article{yushkevich2006user,
	title={User-guided 3D active contour segmentation of anatomical structures: significantly improved efficiency and reliability},
	author={Yushkevich, Paul A and Piven, Joseph and Hazlett, Heather Cody and Smith, Rachel Gimpel and Ho, Sean and Gee, James C and Gerig, Guido},
	journal={Neuroimage},
	volume={31},
	number={3},
	pages={1116--1128},
	year={2006},
	publisher={Elsevier}
}

@article{ayachit2015paraview,
	title={The paraview guide: a parallel visualization application},
	author={Ayachit, Utkarsh},
	year={2015},
	publisher={Kitware, Inc.}
}